@misc{google_maps,
  author       = {Google},
  title        = {Supported place types for Place Details, Autocomplete, and Search},
  howpublished = {Google Maps Documentation},
  year         = {n.d.},
  note         = {Retrieved from \url{https://developers.google.com/maps/documentation/places/web-service/place-types}}
}

@article{huang2018,
  author    = {Huang, H. and Gartner, G. and Krisp, J. M. and Raubal, M. and Van de Weghe, N.},
  title     = {Location based services: ongoing evolution and research agenda},
  journal   = {Journal of Location Based Services},
  year      = {2018},
  volume    = {12},
  number    = {2},
  pages     = {63--93}
}

@article{wins2024,
  author    = {Wins, A. and Barthelmes, L. and Alpers, S. and Becker, C. and Kagerbauer, M. and Oberweis, A.},
  title     = {Personalized Day-Trip Planning: A TSP-TW-Based Multimodal Multicriteria Optimisation Approach},
  journal   = {Procedia Computer Science},
  year      = {2024},
  volume    = {238},
  pages     = {352--360}
}
